@article{Dynamical-Monkowsky-2017,
  title={Dynamical stability limit for the charge density wave in K 0.3 MoO 3},
  author={Mankowsky, Roman and Liu, Biaolong and Rajasekaran, Srivats and Liu, HY and Mou, Daixiang and Zhou, XJ and Merlin, Roberto and F{\"o}rst, Michael and Cavalleri, Andrea},
  journal={Physical  Review Letter},
  volume={118},
  number={11},
  pages={116402},
  year={2017},
  publisher={APS}
}
@comment{
https://journals.aps.org/prl/abstract/10.1103/PhysRevLett.118.116402
}

@incollection{Lattice-Dynamics-Fehske-2000,
	title={Lattice dynamical effects on the Peierls transition in one-dimensional metals and spin chains},
	author={Fehske, Holger and Holicki, Michael and Weie, Alexander},
	booktitle={Advances in Solid State Physics 40},
	pages={235--250},
	year={2000},
	publisher={Springer}
}


@article{Control-CDW-Okamoto-1992,
	title={Control of CDW state in halogen-bridged metal complexes},
	author={Okamoto, Hiroshi and Mitani, Tadaoki and Toriumi, Koshiro and Yamashita, Masahiro},
	journal={Materials Science and Engineering: B},
	volume={13},
	number={4},
	pages={L9--L14},
	year={1992},
	publisher={Elsevier}
}



@article{Gravity-Wave-2015,
  title={Gravitational waves from binary supermassive black holes missing in pulsar observations},
  author={Shannon, Ryan M and Ravi, Vikram and Lentati, LT and Lasky, Paul Daniel and Hobbs, G and Kerr, Matthew and Manchester, Richard Norman and Coles, William A and Levin, Yuri and Bailes, Matthew and others},
  journal={Science},
  volume={349},
  number={6255},
  pages={1522--1525},
  year={2015},
  publisher={American Association for the Advancement of Science}
}