@article{monkey,
  title={Dynamical stability limit for the charge density wave in K 0.3 MoO 3},
  author={Mankowsky, Roman and Liu, Biaolong and Rajasekaran, Srivats and Liu, HY and Mou, Daixiang and Zhou, XJ and Merlin, Roberto and F{\"o}rst, Michael and Cavalleri, Andrea},
  journal={Physical review letters},
  volume={118},
  number={11},
  pages={116402},
  year={2017},
  publisher={APS}
}

@InProceedings{monkey2,
author="Fehske, Holger
and Holicki, Michael
and Wei{\ss}e, Alexander",
editor="Kramer, Bernhard",
title="Lattice dynamical effects on the peierls transition in one-dimensional metals and spin chains",
booktitle="Advances in Solid State Physics 40",
year="2000",
publisher="Springer Berlin Heidelberg",
address="Berlin, Heidelberg",
pages="235--250",
}